% So sieht der Biblatex Eintag für eine Abschlussarbeit aus:
@thesis{ma-DJ,
author = {Janas, David},
title = {Self-assembled cobalt porphyrin films at the FeO(100) interface: a photoemission study},
% subtitle = {Investigations of Reflector Geometry and Mirror Alignment for the FACT-Telescope},
year = {2020},
type = {Masterarbeit},
school = {TU Dortmund}
}

% ein Lehrbuch:
% @book{kuypers,
%     author = {Kuypers, Friedhelm},
%     title = {Klassische Mechanik},
%     year = {2010},
%     publisher = {Wiley-VCH},
%     series = {9. Auflage}
% }


% Ein in einem Journal veröffentlichter Artikel (Paper):
% @article{pdg,
%       author         = "Beringer, J. and others",
%       title          = "{Review of Particle Physics (RPP)}",
%       collaboration  = "Particle Data Group",
%       journal        = "Phys.Rev.",
%       volume         = "D86",
%       pages          = "010001",
%       doi            = "10.1103/PhysRevD.86.010001",
%       year           = "2012",
%       SLACcitation   = "%%CITATION = PHRVA,D86,010001;%%",
% }

% eine Internet Quelle
@MANUAL{siunitx,
    title   = {siunitx - A comprehensive (SI) units package},
    url = {http://mirror.selfnet.de/tex-archive/macros/latex/contrib/siunitx/siunitx.pdf},
    date = {2013},
    author = {Wright, Joseph}
}

@MANUAL{biblatex,
    title   = {The Biblatex Package},
    subtitle = {Programmable Bibliographies and Citations},
    url = {ftp://ftp.fu-berlin.de/tex/CTAN/macros/latex/contrib/biblatex/doc/biblatex.pdf},
    date = {2014},
    author = {Lehman, Philipp and others}
}

@online{CAS,
    author = {American Chemical Society},
    title = {135-48-8},
    url = {https://scifinder-n.cas.org/searchDetail/substance/611d3cbbb5add56ea6068cb6/substanceDetails},
    date = {2021},
    urldate = {2021-08-18}
}